@article{appagato,
author = {Vincenzo Bonnici and Federico Busato and Giovanni Micale and Nicola Bombieri and Alfredo Pulvirenti and Rosalba Giugno},
title = {APPAGATO: an APproximate PArallel and stochastic GrAph querying TOol for biological networks},
journal = {Bioinformatics},
volume = {Vol 32, Issue 14},
year = {2016},
url = {https://doi.org/10.1093/bioinformatics/btw223}
}

@article{graphgrep,
author = {Rosalba Giugno and Dennis Shasha},
title = {GraphGrep: A Fast and Universal Method for Querying Graphs},
journal = {International Conference on Pattern Recognition},
year = {2002},
url = {http://ieeexplore.ieee.org/document/1048250/}
}

@article{gephi,
author = {Mathieu Bastian and Sebastien Heymann and Mathieu Jacomy},
title = {Gephi: An Open Source Software for Exploring and Manipulating Networks},
conference = {International AAAI Conference on Weblogs and Social Media},
year = {2009},
url = {http://www.aaai.org/ocs/index.php/ICWSM/09/paper/view/154}
}

@article{detection-overlap,
    author = {K. Mikolajczyk and T. Tuytelaars and C. Schmid and A. Zisserman and J. Matas and F. Schaffalitzky and T. Kadir and L. Van Gool},
    title = {A comparison of affine region detectors},
    journal = {International Journal of Computer Vision},
    year = {2005},
    volume = {65},   
}

@article{cv-matching,
  author    = {Ebrahim Karami and
               Siva Prasad and
               Mohamed S. Shehata},
  title     = {Image Matching Using SIFT, SURF, {BRIEF} and {ORB:} Performance Comparison for Distorted Images},
  journal   = {CoRR},
  volume    = {abs/1710.02726},
  year      = {2017},
  url       = {http://arxiv.org/abs/1710.02726},
  archivePrefix = {arXiv},
  eprint    = {1710.02726},
}

@article{sift,
 author = {Lowe, David G.},
 title = {Distinctive Image Features from Scale-Invariant Keypoints},
 journal = {Int. J. Comput. Vision},
 issue_date = {November 2004},
 volume = {60},
 number = {2},
 month = nov,
 year = {2004},
 issn = {0920-5691},
 pages = {91--110},
 numpages = {20},
 publisher = {Kluwer Academic Publishers},
}

@inproceedings{human-pose,
author = {Tanaka Hidenori and Nakazawa Atsushi and Takemura Haruo},
title = {Human Pose Estimation from Volume Data and Topological Graph Database},
year = {2007},
publisher = {Springer Berlin Heidelberg},
booktitle = {Computer Vision -- ACCV 2007},
pages = {618--627},
}


@mastersthesis{lobster-thesis,
author = {Abdallah A. Abdallah},
title = {Machine Learning with Lobsters},
school = {University of St Andrews},
type = {MSc Thesis},
year = {2017}
}

@misc{opencv-tut1,
title = {Feature Detection and Description},
url = {https://docs.opencv.org/3.0-beta/doc/py_tutorials/py_feature2d/py_table_of_contents_feature2d/py_table_of_contents_feature2d.html},
author = {opencv dev team}
}

@article{opencv,
    author = {Bradski, G.},
    citeulike-article-id = {2236121},
    journal = {Dr. Dobb's Journal of Software Tools},
    keywords = {bibtex-import},
    posted-at = {2008-01-15 19:21:54},
    priority = {4},
    title = {{The OpenCV Library}},
    year = {2000}
}

@article{corner-detection,
	author = {Jie Chen and Li-hiu Zou and Juan Zhang and Li-hua Dou},
	title = {The Comparison and Application of Corner Detection Algorithms},
	journal = {Journal of Multimedia},
	volume = {Vol. 4 Issue 6},
	pages = {435--441},
}